@article{freeman1977set,
  title={A set of measures of centrality based on betweenness},
  author={Freeman, Linton C},
  journal={Sociometry},
  pages={35--41},
  year={1977},
  publisher={JSTOR}
}
@misc{snapnets,
                    author       = {Jure Leskovec and Andrej Krevl},
                    title        = {{SNAP Datasets}: {Stanford} Large Network Dataset Collection},
                    howpublished = {\url{http://snap.stanford.edu/data}},
                    month        = jun,
                    year         = 2014
                  }
@misc{rozemberczki2019multiscale,
            title={Multi-scale Attributed Node Embedding},
            author={Benedek Rozemberczki and Carl Allen and Rik Sarkar},
            year={2019},
            eprint={1909.13021},
            archivePrefix={arXiv},
            primaryClass={cs.LG}
        }
@article{johnson1977efficient,
  title={Efficient algorithms for shortest paths in sparse networks},
  author={Johnson, Donald B},
  journal={Journal of the ACM (JACM)},
  volume={24},
  number={1},
  pages={1--13},
  year={1977},
  publisher={ACM New York, NY, USA}
}
@article{dijkstra1959note,
  title={A note on two problems in connexion with graphs},
  author={Dijkstra, Edsger W},
  journal={Numerische mathematik},
  volume={1},
  number={1},
  pages={269--271},
  year={1959},
  publisher={Springer}
}
@article{floyd1962algorithm,
  title={Algorithm 97: shortest path},
  author={Floyd, Robert W},
  journal={Communications of the ACM},
  volume={5},
  number={6},
  pages={345},
  year={1962},
  publisher={ACM New York, NY, USA}
}
@article{brandes2001faster,
  title={A faster algorithm for betweenness centrality},
  author={Brandes, Ulrik},
  journal={Journal of mathematical sociology},
  volume={25},
  number={2},
  pages={163--177},
  year={2001},
  publisher={Taylor \& Francis}
}